@incollection{valarticle,
author = {Nicholas Nethercote, Julian Seward},
editor = {Byron Cook, Scott Stoller, Willem Visser},
title = {Valgrind: A Program Supervision Framework},
booktitle = {Electronic Notes in Theoretical Computer Science},
date = {Oktober 2003}
}

@article{heise,
	author = { Sebastian Bauer},
	title = {Einführung in die Arbeit mit Valgrind und Memcheck, Teil 1 },
	journaltitle = {Heise online},
	date = {05.12.2014},
	url = {https://www.heise.de/developer/artikel/Einfuehrung-in-die-Arbeit-mit-Valgrind-und-Memcheck-Teil-1-2480976.html},
}

@online{nullgrind,
	author = {Valgrind™ Developers},
	title = {14. Nulgrind: the minimal Valgrind tool},
	date = {06.04.2018},
	url = {http://valgrind.org/docs/manual/nl-manual.html},
}
